<record><leader>00000cas a2200000 a 4500</leader><controlfield tag="001">222007089</controlfield><controlfield tag="007">hd ||||||||||</controlfield><controlfield tag="008">080410c19609999couer nea     |    0eng c</controlfield><datafield ind1=" " ind2=" " tag="010"><subfield code="a">  2008233433</subfield></datafield><datafield ind1=" " ind2=" " tag="040"><subfield code="a">GUA</subfield><subfield code="b">eng</subfield><subfield code="c">GUA</subfield><subfield code="d">GUA</subfield><subfield code="d">OCLCQ</subfield><subfield code="d">OCLCF</subfield><subfield code="d">OCLCO</subfield></datafield><datafield ind1=" " ind2=" " tag="042"><subfield code="a">pcc</subfield></datafield><datafield ind1=" " ind2=" " tag="043"><subfield code="a">n-us-co</subfield></datafield><datafield ind1=" " ind2=" " tag="090"><subfield code="a">AN58</subfield><subfield code="b">.C655</subfield></datafield><datafield ind1="0" ind2="4" tag="245"><subfield code="a">The Southern Ute drum</subfield><subfield code="h">[microform].</subfield></datafield><datafield ind1=" " ind2=" " tag="260"><subfield code="a">Ignacio, Colo. :</subfield><subfield code="b">Southern Ute Tribe</subfield></datafield><datafield ind1=" " ind2=" " tag="300"><subfield code="a">v. :</subfield><subfield code="b">ill. ;</subfield><subfield code="c">37-58 cm.</subfield></datafield><datafield ind1=" " ind2=" " tag="310"><subfield code="a">Biweekly</subfield></datafield><datafield ind1="1" ind2=" " tag="362"><subfield code="a">Began in 1960?</subfield></datafield><datafield ind1=" " ind2=" " tag="500"><subfield code="a">Called: Complimentary ed., Jan. 31-Apr. 25, 1969.</subfield></datafield><datafield ind1=" " ind2=" " tag="500"><subfield code="a">Special ed. issued Dec. 23, 1968.</subfield></datafield><datafield ind1=" " ind2=" " tag="500"><subfield code="a">Masthead: "Great Seal of the Southern Ute Tribe."</subfield></datafield><datafield ind1=" " ind2=" " tag="500"><subfield code="a">Printed at the Pagosa Springs Sun.</subfield></datafield><datafield ind1="4" ind2=" " tag="510"><subfield code="a">Danky, J.P. Native American periodicals and newspapers 1828-1982</subfield><subfield code="c">394-395</subfield></datafield><datafield ind1=" " ind2=" " tag="515"><subfield code="a">Possibly suspended publication Aug. 1963-Aug. 1968. Volume 1 repeats beginning Aug. 23, 1968, and again May 9, 1969.</subfield></datafield><datafield ind1=" " ind2=" " tag="550"><subfield code="a">Official publication of the Southern Ute Tribe.</subfield></datafield><datafield ind1=" " ind2=" " tag="588"><subfield code="a">Description based on: Vol. 1, no. 2 (Nov. 4, 1960).</subfield></datafield><datafield ind1=" " ind2=" " tag="588"><subfield code="a">Latest issue consulted: Vol. 33, no. 18 (Sept. 7, 2001).</subfield></datafield><datafield ind1=" " ind2=" " tag="533"><subfield code="a">Microfilm.</subfield><subfield code="b">Wooster, Ohio :</subfield><subfield code="c">Micro Photo Division.</subfield><subfield code="e">1 microfilm reel ; 35 mm.</subfield><subfield code="m">1971-1972.</subfield><subfield code="f">(Contemporary newspapers of the North American Indian ; reel 16).</subfield></datafield><datafield ind1=" " ind2=" " tag="539"><subfield code="a">u</subfield><subfield code="b">1971</subfield><subfield code="c">uuuu</subfield><subfield code="d">ohu</subfield><subfield code="e">u</subfield><subfield code="f">u</subfield><subfield code="g">a</subfield></datafield><datafield ind1="2" ind2="0" tag="610"><subfield code="a">Southern Ute Tribe</subfield><subfield code="v">Newspapers.</subfield></datafield><datafield ind1=" " ind2="0" tag="650"><subfield code="a">Ute Indians</subfield><subfield code="v">Newspapers.</subfield></datafield><datafield ind1=" " ind2="0" tag="650"><subfield code="a">Indians of North America</subfield><subfield code="v">Newspapers.</subfield></datafield><datafield ind1=" " ind2="0" tag="651"><subfield code="a">Ignacio (Colo.)</subfield><subfield code="v">Newspapers.</subfield></datafield><datafield ind1=" " ind2="0" tag="651"><subfield code="a">La Plata County (Colo.)</subfield><subfield code="v">Newspapers.</subfield></datafield><datafield ind1=" " ind2="7" tag="655"><subfield code="a">Newspapers.</subfield><subfield code="2">fast</subfield><subfield code="0">(OCoLC)fst01423814</subfield></datafield><datafield ind1="2" ind2="7" tag="610"><subfield code="a">Southern Ute Indian Tribe of the Southern Ute Reservation, Colorado.</subfield><subfield code="2">fast</subfield><subfield code="0">(OCoLC)fst01713326</subfield></datafield><datafield ind1=" " ind2="7" tag="650"><subfield code="a">Indians of North America.</subfield><subfield code="2">fast</subfield><subfield code="0">(OCoLC)fst00969633</subfield></datafield><datafield ind1=" " ind2="7" tag="650"><subfield code="a">Ute Indians.</subfield><subfield code="2">fast</subfield><subfield code="0">(OCoLC)fst01163273</subfield></datafield><datafield ind1=" " ind2="7" tag="651"><subfield code="a">Colorado</subfield><subfield code="z">Ignacio.</subfield><subfield code="2">fast</subfield><subfield code="0">(OCoLC)fst01307458</subfield></datafield><datafield ind1=" " ind2="7" tag="651"><subfield code="a">Colorado</subfield><subfield code="z">La Plata County.</subfield><subfield code="2">fast</subfield><subfield code="0">(OCoLC)fst01216309</subfield></datafield><datafield ind1="2" ind2=" " tag="710"><subfield code="a">Pagosa Springs Sun.</subfield></datafield><datafield ind1="1" ind2=" " tag="710"><subfield code="a">Southern Ute Indian Tribe of the Southern Ute Reservation, Colorado.</subfield></datafield><datafield ind1=" " ind2=" " tag="752"><subfield code="a">United States</subfield><subfield code="b">Colorado</subfield><subfield code="c">La Plata</subfield><subfield code="d">Ignacio.</subfield></datafield><datafield ind1="1" ind2=" " tag="776"><subfield code="t">Southern Ute drum</subfield><subfield code="w">(DLC)sn 86091266</subfield><subfield code="w">(OCoLC)1773546</subfield></datafield><datafield ind1=" " ind2="0" tag="830"><subfield code="a">Contemporary newspapers of the North American Indian ;</subfield><subfield code="v">reel 16.</subfield></datafield></record>